@article{mixed_type_survey_2019,
	doi = {10.1109/access.2019.2903568},
	url = {https://doi.org/10.1109%2Faccess.2019.2903568},
	year = 2019,
	publisher = {Institute of Electrical and Electronics Engineers ({IEEE})},
	volume = {7},
	pages = {31883--31902},
	author = {Amir Ahmad and Shehroz S. Khan},
	title = {Survey of State-of-the-Art Mixed Data Clustering Algorithms},
	journal = {{IEEE} Access}
}

@inproceedings{kmeans,
  author = {MacQueen, J. B.},
  biburl = {https://www.bibsonomy.org/bibtex/25dcdb8cd9fba78e0e791af619d61d66d/enitsirhc},
  booktitle = {Proc. of the fifth Berkeley Symposium on Mathematical Statistics and Probability},
  editor = {Cam, L. M. Le and Neyman, J.},
  interhash = {8d7d4dfe7d3a06b8c9c3c2bb7aa91e28},
  intrahash = {5dcdb8cd9fba78e0e791af619d61d66d},
  keywords = {kmeans clustering},
  pages = {281-297},
  publisher = {University of California Press},
  timestamp = {2011-01-11T13:35:01.000+0100},
  title = {Some Methods for Classification and Analysis of MultiVariate Observations},
  volume = 1,
  year = 1967
}

@article{kmeans_np_hard,
  title = {The planar k-means problem is NP-hard},
  journal = {Theoretical Computer Science},
  volume = {442},
  pages = {13-21},
  year = {2012},
  note = {Special Issue on the Workshop on Algorithms and Computation (WALCOM 2009)},
  issn = {0304-3975},
  doi = {https://doi.org/10.1016/j.tcs.2010.05.034},
  url = {https://www.sciencedirect.com/science/article/pii/S0304397510003269},
  author = {Meena Mahajan and Prajakta Nimbhorkar and Kasturi Varadarajan},
  keywords = {Clustering, -means, Planar graphs, NP-hardness},
  abstract = {In the k-means problem, we are given a finite set S of points in ℜm, and integer k≥1, and we want to find k points (centers) so as to minimize the sum of the square of the Euclidean distance of each point in S to its nearest center. We show that this well-known problem is NP-hard even for instances in the plane, answering an open question posed by Dasgupta (2007) [7].}
}

@article{kmeans_lloyd,
  author={Lloyd, S.},
  journal={IEEE Transactions on Information Theory}, 
  title={Least squares quantization in PCM}, 
  year={1982},
  volume={28},
  number={2},
  pages={129-137},
  doi={10.1109/TIT.1982.1056489}
}

@book{pattern_recognition_machine_learning,
  author = {Bishop, Christopher M.},
  title = {Pattern Recognition and Machine Learning (Information Science and Statistics)},
  year = {2006},
  isbn = {0387310738},
  publisher = {Springer-Verlag},
  address = {Berlin, Heidelberg}
}

@article{kmodes,
  author  = {Huang, Zhexue}, 
  title   = {Extensions to the k-Means Algorithm for Clustering Large Data Sets with Categorical Values},
  journal = {Data Mining and Knowledge Discovery},
  year    = 1998,
  pages   = {283-304},
  volume  = 2
}

@article{gower,
  author = {J. C. Gower},
  title = {A General Coefficient of Similarity and Some of Its Properties},
  journal = {Biometrics},
  publisher = {International Biometric Society},
  year = 1971,
  volume = 27,
  number = 4,
  pages = {857-871},
  doi = {10.2307/2528823}
}

@misc{uci_ml_rpo,
  title = {{The UCI Machine Learning Repository}},
  author = {Markelle Kelly, Rachel Longjohn, Kolby Nottingham},
  howpublished = {\url{https://archive.ics.uci.edu}},
  note = {Accessed: 2023-07-16}
}

@misc{abalone,
  author       = {Nash,Warwick and Sellers,Tracy and Talbot,Simon and Cawthorn,Andrew and Ford,Wes},
  title        = {{Abalone}},
  year         = {1995},
  howpublished = {UCI Machine Learning Repository},
  note         = {{DOI}: https://doi.org/10.24432/C55C7W}
}

@misc{auction_verification,
  author       = {Ordoni,Elaheh and Bach,Jakob and Fleck,Ann-Katrin and Bach,Jakob},
  title        = {{Auction Verification}},
  year         = {2022},
  howpublished = {UCI Machine Learning Repository},
  note         = {{DOI}: https://doi.org/10.24432/C52K6N}
}

@misc{bank_marketing,
  author       = {Moro,S. and Rita,P. and Cortez,P.},
  title        = {{Bank Marketing}},
  year         = {2012},
  howpublished = {UCI Machine Learning Repository},
  note         = {{DOI}: https://doi.org/10.24432/C5K306}
}

@misc{breast_cancer,
  author       = {Wolberg,William},
  title        = {{Breast Cancer Wisconsin (Original)}},
  year         = {1992},
  howpublished = {UCI Machine Learning Repository},
  note         = {{DOI}: https://doi.org/10.24432/C5HP4Z}
}

@misc{census_income,
  author       = {Kohavi,Ron},
  title        = {{Census Income}},
  year         = {1996},
  howpublished = {UCI Machine Learning Repository},
  note         = {{DOI}: https://doi.org/10.24432/C5GP7S}
}

@misc{credit_approval,
  author       = {Quinlan,Quinlan},
  title        = {{Credit Approval}},
  howpublished = {UCI Machine Learning Repository},
  note         = {{DOI}: https://doi.org/10.24432/C5FS30}
}

@misc{heart_disease,
  author       = {Janosi,Andras and Steinbrunn,William and Pfisterer,Matthias and Detrano,Robert},
  title        = {{Heart Disease}},
  year         = {1988},
  howpublished = {UCI Machine Learning Repository},
  note         = {{DOI}: https://doi.org/10.24432/C52P4X}
}

@misc{soybean,
  author       = {Michalski,R.S. and Chilausky,R.L.},
  title        = {{Soybean (Large)}},
  year         = {1988},
  howpublished = {UCI Machine Learning Repository},
  note         = {{DOI}: https://doi.org/10.24432/C5JG6Z}
}

@article{scikit_learn,
 title={Scikit-learn: Machine Learning in {P}ython},
 author={Pedregosa, F. and Varoquaux, G. and Gramfort, A. and Michel, V.
         and Thirion, B. and Grisel, O. and Blondel, M. and Prettenhofer, P.
         and Weiss, R. and Dubourg, V. and Vanderplas, J. and Passos, A. and
         Cournapeau, D. and Brucher, M. and Perrot, M. and Duchesnay, E.},
 journal={Journal of Machine Learning Research},
 volume={12},
 pages={2825--2830},
 year={2011}
}

@inproceedings{pytorch,
  title={Automatic differentiation in PyTorch},
  author={Paszke, Adam and Gross, Sam and Chintala, Soumith and Chanan, Gregory and Yang, Edward and DeVito, Zachary and Lin, Zeming and Desmaison, Alban and Antiga, Luca and Lerer, Adam},
  booktitle={NIPS-W},
  year={2017}
}

@article{scipy,
  author  = {Virtanen, Pauli and Gommers, Ralf and Oliphant, Travis E. and
            Haberland, Matt and Reddy, Tyler and Cournapeau, David and
            Burovski, Evgeni and Peterson, Pearu and Weckesser, Warren and
            Bright, Jonathan and {van der Walt}, St{\'e}fan J. and
            Brett, Matthew and Wilson, Joshua and Millman, K. Jarrod and
            Mayorov, Nikolay and Nelson, Andrew R. J. and Jones, Eric and
            Kern, Robert and Larson, Eric and Carey, C J and
            Polat, {\.I}lhan and Feng, Yu and Moore, Eric W. and
            {VanderPlas}, Jake and Laxalde, Denis and Perktold, Josef and
            Cimrman, Robert and Henriksen, Ian and Quintero, E. A. and
            Harris, Charles R. and Archibald, Anne M. and
            Ribeiro, Ant{\^o}nio H. and Pedregosa, Fabian and
            {van Mulbregt}, Paul and {SciPy 1.0 Contributors}},
  title   = {{{SciPy} 1.0: Fundamental Algorithms for Scientific
            Computing in Python}},
  journal = {Nature Methods},
  year    = {2020},
  volume  = {17},
  pages   = {261--272},
  adsurl  = {https://rdcu.be/b08Wh},
  doi     = {10.1038/s41592-019-0686-2}
}

@book{algorithms_for_clustering_data,
  author = {Jain, Anil K. and Dubes, Richard C.},
  title = {Algorithms for Clustering Data},
  year = {1988},
  isbn = {013022278X},
  publisher = {Prentice-Hall, Inc.},
  address = {USA}
}

@article{philip_ottaway,
  author = {Philip, G. and Ottaway, B. S.},
  title = {MIXED DATA CLUSTER ANALYSIS: AN ILLUSTRATION USING CYPRIOT HOOKED-TANG WEAPONS},
  journal = {Archaeometry},
  volume = {25},
  number = {2},
  pages = {119-133},
  doi = {https://doi.org/10.1111/j.1475-4754.1983.tb00671.x},
  url = {https://onlinelibrary.wiley.com/doi/abs/10.1111/j.1475-4754.1983.tb00671.x},
  eprint = {https://onlinelibrary.wiley.com/doi/pdf/10.1111/j.1475-4754.1983.tb00671.x},
  year = {1983}
}

@article{neural_network_1943,
  title={A logical calculus of the ideas immanent in nervous activity},
  author={McCulloch, Warren S and Pitts, Walter},
  journal={The bulletin of mathematical biophysics},
  volume={5},
  number={4},
  pages={115--133}, 
  year={1943},
  publisher={Springer}
}

@techreport{perceptron,
  author = {Rosenblatt, F.},
  address = {Ithaca, New York},
  institution = {Cornell Aeronautical Laboratory},
  month = {January},
  number = {85-460-1},
  title = {The perceptron - A perceiving and recognizing automaton},
  year = {1957},
  title_with_no_special_chars = {The Perceptron  A perceiving and recognizing automaton}
}

@inbook{hidden_layer_backprop,
  author = {Rumelhart, D. E. and Hinton, G. E. and Williams, R. J.},
  title = {Learning Internal Representations by Error Propagation},
  year = {1986},
  isbn = {026268053X},
  publisher = {MIT Press},
  address = {Cambridge, MA, USA},
  booktitle = {Parallel Distributed Processing: Explorations in the Microstructure of Cognition, Vol. 1: Foundations},
  pages = {318–362},
  numpages = {45}
}

@book{neural_networks_pattern_recognition,
  author = {Bishop, Christopher M.},
  title = {Neural Networks for Pattern Recognition},
  year = {1995},
  isbn = {0198538642},
  publisher = {Oxford University Press, Inc.},
  address = {USA},
}

@article{activation_functions,
  title = {Activation functions in deep learning: A comprehensive survey and benchmark},
  journal = {Neurocomputing},
  volume = {503},
  pages = {92-108},
  year = {2022},
  issn = {0925-2312},
  doi = {https://doi.org/10.1016/j.neucom.2022.06.111},
  url = {https://www.sciencedirect.com/science/article/pii/S0925231222008426},
  author = {Shiv Ram Dubey and Satish Kumar Singh and Bidyut Baran Chaudhuri},
}

@misc{bahdanau,
  title={Neural Machine Translation by Jointly Learning to Align and Translate}, 
  author={Dzmitry Bahdanau and Kyunghyun Cho and Yoshua Bengio},
  year={2016},
  eprint={1409.0473},
  archivePrefix={arXiv},
  primaryClass={cs.CL}
}

@inproceedings{attention_is_all_you_need,
  author = {Vaswani, Ashish and Shazeer, Noam and Parmar, Niki and Uszkoreit, Jakob and Jones, Llion and Gomez, Aidan N. and Kaiser, \L{}ukasz and Polosukhin, Illia},
  title = {Attention is All You Need},
  year = {2017},
  isbn = {9781510860964},
  publisher = {Curran Associates Inc.},
  address = {Red Hook, NY, USA},
  booktitle = {Proceedings of the 31st International Conference on Neural Information Processing Systems},
  pages = {6000–6010},
  numpages = {11},
  location = {Long Beach, California, USA},
  series = {NIPS'17}
}

@misc{transformers_from_scratch,
  title = {Transformers from scratch},
  year = {2018},
  month = {August},
  author = {Peter Bloem},
  howpublished = {\url{https://peterbloem.nl/blog/transformers}},
  note = {Accessed: 2023-08-24}
}

@misc{tab_transformer,
  title={TabTransformer: Tabular Data Modeling Using Contextual Embeddings}, 
  author={Xin Huang and Ashish Khetan and Milan Cvitkovic and Zohar Karnin},
  year={2020},
  eprint={2012.06678},
  archivePrefix={arXiv},
  primaryClass={cs.LG}
}

@misc{layer_normalization,
  title={Layer Normalization}, 
  author={Jimmy Lei Ba and Jamie Ryan Kiros and Geoffrey E. Hinton},
  year={2016},
  eprint={1607.06450},
  archivePrefix={arXiv},
  primaryClass={stat.ML}
}

@inproceedings{ft_transformer,
  title={Revisiting Deep Learning Models for Tabular Data},
  author={Yury Gorishniy and Ivan Rubachev and Valentin Khrulkov and Artem Babenko},
  booktitle={{NeurIPS}},
  year={2021},
}

@inproceedings{autoencoder,
  title={Modular Learning in Neural Networks},
  author={Dana H. Ballard},
  booktitle={AAAI Conference on Artificial Intelligence},
  year={1987},
  url={https://api.semanticscholar.org/CorpusID:38968420}
}

@misc{dec,
  title={Unsupervised Deep Embedding for Clustering Analysis}, 
  author={Junyuan Xie and Ross Girshick and Ali Farhadi},
  year={2016},
  eprint={1511.06335},
  archivePrefix={arXiv},
  primaryClass={cs.LG}
}

@misc{comparing_DEC_and_DCN,
  title = {Clustering Autoencoders: Comparing DEC and DCN},
  year = {2019},
  month = {July},
  author = {Bai Li},
  howpublished = {\url{https://luckytoilet.wordpress.com/2019/07/07/clustering-autoencoders-comparing-dec-and-dcn/}},
  note = {Accessed: 2023-09-03}
}


@misc{dcn,
  title={Towards K-means-friendly Spaces: Simultaneous Deep Learning and Clustering}, 
  author={Bo Yang and Xiao Fu and Nicholas D. Sidiropoulos and Mingyi Hong},
  year={2017},
  eprint={1610.04794},
  archivePrefix={arXiv},
  primaryClass={cs.LG}
}

@misc{deep_clustering_survey,
  title={A Comprehensive Survey on Deep Clustering: Taxonomy, Challenges, and Future Directions}, 
  author={Sheng Zhou and Hongjia Xu and Zhuonan Zheng and Jiawei Chen and Zhao li and Jiajun Bu and Jia Wu and Xin Wang and Wenwu Zhu and Martin Ester},
  year={2022},
  eprint={2206.07579},
  archivePrefix={arXiv},
  primaryClass={cs.LG}
}

@inproceedings{idec,
  author    = {Xifeng Guo and Long Gao and Xinwang Liu and Jianping Yin},
  title     = {Improved Deep Embedded Clustering with Local Structure Preservation},
  booktitle = {Proceedings of the Twenty-Sixth International Joint Conference on Artificial Intelligence, {IJCAI-17}},
  pages     = {1753--1759},
  year      = {2017},
  doi       = {10.24963/ijcai.2017/243},
  url       = {https://doi.org/10.24963/ijcai.2017/243},
}

@article{deep_neural_networks_tabular_data_survey,
	doi = {10.1109/tnnls.2022.3229161},
  url = {https://doi.org/10.1109%2Ftnnls.2022.3229161},
  year = 2022,
	publisher = {Institute of Electrical and Electronics Engineers ({IEEE})},
  pages = {1--21},
  author = {Vadim Borisov and Tobias Leemann and Kathrin Sessler and Johannes Haug and Martin Pawelczyk and Gjergji Kasneci},
  title = {Deep Neural Networks and Tabular Data: A Survey},
  journal = {{IEEE} Transactions on Neural Networks and Learning Systems}
}

@misc{tabnet,
  title={TabNet: Attentive Interpretable Tabular Learning}, 
  author={Sercan O. Arik and Tomas Pfister},
  year={2020},
  eprint={1908.07442},
  archivePrefix={arXiv},
  primaryClass={cs.LG}
}

@inproceedings{attention_between_datapoints,
  title={Self-Attention Between Datapoints: Going Beyond Individual Input-Output Pairs in Deep Learning},
  author={Jannik Kossen and Neil Band and Clare Lyle and Aidan N. Gomez and Tom Rainforth and Yarin Gal},
  booktitle={Neural Information Processing Systems},
  year={2021},
  url={https://api.semanticscholar.org/CorpusID:235352709}
}

@misc{saint,
  title={SAINT: Improved Neural Networks for Tabular Data via Row Attention and Contrastive Pre-Training}, 
  author={Gowthami Somepalli and Micah Goldblum and Avi Schwarzschild and C. Bayan Bruss and Tom Goldstein},
  year={2021},
  eprint={2106.01342},
  archivePrefix={arXiv},
  primaryClass={cs.LG}
}

@inproceedings{depict,
  author={Dizaji, Kamran Ghasedi and Herandi, Amirhossein and Deng, Cheng and Cai, Weidong and Huang, Heng},
  booktitle={2017 IEEE International Conference on Computer Vision (ICCV)}, 
  title={Deep Clustering via Joint Convolutional Autoencoder Embedding and Relative Entropy Minimization}, 
  year={2017},
  volume={},
  number={},
  pages={5747-5756},
  doi={10.1109/ICCV.2017.612}
}

@inproceedings{dec-da,
  title = {Deep Embedded Clustering with Data Augmentation},
  author = {Guo, Xifeng and Zhu, En and Liu, Xinwang and Yin, Jianping},
  booktitle = {Proceedings of The 10th Asian Conference on Machine Learning},
  pages = {550--565},
  year = {2018},
  editor = {Zhu, Jun and Takeuchi, Ichiro},
  volume = {95},
  series = {Proceedings of Machine Learning Research},
  month = {14--16 Nov},
  publisher = {PMLR},
  pdf = {http://proceedings.mlr.press/v95/guo18b/guo18b.pdf},
  url = {https://proceedings.mlr.press/v95/guo18b.html},
}

@article{sadsc,
  author = {Chen, Zhengfan and Ding, Shifei and Haiwei, Hou},
  year = {2021},
  month = {08},
  pages = {},
  title = {A novel self-attention deep subspace clustering},
  volume = {12},
  journal = {International Journal of Machine Learning and Cybernetics},
  doi = {10.1007/s13042-021-01318-4}
}

@article{dagc,
  title={Deep Attention-guided Graph Clustering with Dual Self-supervision},
  author={Peng, Zhihao and Liu, Hui and Jia, Yuheng and Hou, Junhui},
  journal={IEEE Transactions on Circuits and Systems for Video Technology},
  year={2022},
  volume={},
  number={},
  pages={1-1},
  doi={10.1109/TCSVT.2022.3232604}
}

@article{cmfgn,
  author          = {Hou, Haiwei and Ding, Shifei and Xu, Xiao and Ding, Ling},
  journal         = {Soft Computing},
  title           = {A novel clustering algorithm based on multi-layer features and graph attention networks},
  volume          = {27},
  year            = {2023},
  pages           = {5553--5566},
}

@article{dlgamc,
  title = {Deep linear graph attention model for attributed graph clustering},
  journal = {Knowledge-Based Systems},
  volume = {246},
  pages = {108665},
  year = {2022},
  issn = {0950-7051},
  doi = {https://doi.org/10.1016/j.knosys.2022.108665},
  url = {https://www.sciencedirect.com/science/article/pii/S0950705122003057},
  author = {Huifa Liao and Jie Hu and Tianrui Li and Shengdong Du and Bo Peng},
}